@manual{aws,
	title={Amazon EC2 Instance Types},
	address={http://aws.amazon.com/ec2/instance-types/}
}
